@article{knight08,
author = {Philip A. Knight},
title = {The {Sinkhorn}--{Knopp} Algorithm: Convergence and Applications},
journal = {SIAM Journal on Matrix Analysis and Applications},
volume = {30},
number = {1},
pages = {261-275},
year = {2008},
doi = {10.1137/060659624},

URL = { 
        https://doi.org/10.1137/060659624
    
},
eprint = { 
        https://doi.org/10.1137/060659624
    
}

}
@article{sinkhorn64,
	title={A relationship between arbitrary positive matrices and doubly stochastic matrices},
	author={Sinkhorn, Richard},
	journal={The annals of mathematical statistics},
	volume={35},
	number={2},
	pages={876--879},
	year={1964},
	publisher={JSTOR}
}
@inproceedings{cuturi13,
	title={Sinkhorn distances: Lightspeed computation of optimal transport},
	author={Cuturi, Marco},
	booktitle={Advances in neural information processing systems},
	pages={2292--2300},
	year={2013}
}
@article{benamou15,
	title={Iterative {Bregman} projections for regularized transportation problems},
	author={Benamou, Jean-David and Carlier, Guillaume and Cuturi, Marco and Nenna, Luca and Peyr{\'e}, Gabriel},
	journal={SIAM Journal on Scientific Computing},
	volume={37},
	number={2},
	pages={A1111--A1138},
	year={2015},
	publisher={SIAM}
}
@article{bauschke03,
	title={Bregman monotone optimization algorithms},
	author={Bauschke, Heinz H and Borwein, Jonathan M and Combettes, Patrick L},
	journal={SIAM Journal on control and optimization},
	volume={42},
	number={2},
	pages={596--636},
	year={2003},
	publisher={SIAM}
}
@article{bauschke06,
	title={Joint minimization with alternating {Bregman} proximity operators},
	author={Bauschke, Heinz H and Combettes, Patrick L and Noll, Dominikus},
	journal={Pacific Journal of Optimization},
	volume={2},
	number={3},
	pages={401--424},
	year={2006}
}
@article{soules91,
	title={The rate of convergence of Sinkhorn balancing},
	author={Soules, George W},
	journal={Linear algebra and its applications},
	volume={150},
	pages={3--40},
	year={1991},
	publisher={Elsevier}
}
@incollection{davis16,
	title={Convergence rate analysis of several splitting schemes},
	author={Davis, Damek and Yin, Wotao},
	booktitle={Splitting Methods in Communication, Imaging, Science, and Engineering},
	pages={115--163},
	year={2016},
	publisher={Springer}
}
@article{zhao07,
	title={A note on the {Krasnoselski}--{Mann} theorem and its generalizations},
	author={Zhao, Jinling and Yang, Qingzhi},
	journal={Inverse problems},
	volume={23},
	number={3},
	pages={1011},
	year={2007},
	publisher={IOP Publishing}
}
@book{combettes17,
	title={Convex analysis and monotone operator theory in {Hilbert} spaces},
	author={Bauschke, Heinz H and Combettes, Patrick L},
	volume={408},
	year={2011},
	publisher={Springer}
}
@article{reich11,
	title={Existence and approximation of fixed points of {Bregman} firmly nonexpansive mappings in reflexive {Banach} spaces},
	author={Reich, Simeon and Sabach, Shoham},
	journal={Fixed-Point Algorithms for Inverse Problems in Science and Engineering},
	volume={49},
	pages={301--316},
	year={2011},
	publisher={Springer}
}
@article{giselsson15,
	title={Tight global linear convergence rate bounds for {Douglas}--{Rachford} splitting},
	author={Giselsson, Pontus},
	journal={Journal of Fixed Point Theory and Applications},
	pages={1--30},
	year={2015},
	publisher={Springer}
}
@article{dotmark,
	title={DOTmark--A Benchmark for Discrete Optimal Transport},
	author={Schrieber, J{\"o}rn and Schuhmacher, Dominic and Gottschlich, Carsten},
	journal={IEEE Access},
	volume={5},
	pages={271--282},
	year={2017},
	publisher={IEEE}
}
@phdthesis{nenna16,
	title={Numerical methods for multi-marginal optimal transportation},
	author={Nenna, Luca},
	year={2016},
	school={PSL Research University}
}
@article{bregman67,
	title={The relaxation method of finding the common point of convex sets and its application to the solution of problems in convex programming},
	author={Bregman, Lev M},
	journal={USSR computational mathematics and mathematical physics},
	volume={7},
	number={3},
	pages={200--217},
	year={1967},
	publisher={Elsevier}
}
@article{schmitzer2016stabilized,
	title={Stabilized sparse scaling algorithms for entropy regularized transport problems},
	author={Schmitzer, Bernhard},
	journal={arXiv preprint arXiv:1610.06519},
	year={2016}
}

@article{chambolle2011first,
	title={A first-order primal-dual algorithm for convex problems with applications to imaging},
	author={Chambolle, Antonin and Pock, Thomas},
	journal={Journal of mathematical imaging and vision},
	volume={40},
	number={1},
	pages={120--145},
	year={2011},
	publisher={Springer}
}
@article{chambolle2016ergodic,
	title={On the ergodic convergence rates of a first-order primal--dual algorithm},
	author={Chambolle, Antonin and Pock, Thomas},
	journal={Mathematical Programming},
	volume={159},
	number={1-2},
	pages={253--287},
	year={2016},
	publisher={Springer}
}

@book{villani08,
	doi = {10.1007/978-3-540-71050-9},
	url = {https://doi.org/10.1007/978-3-540-71050-9},
	year  = {2009},
	publisher = {Springer Berlin Heidelberg},
	author = {C{\'{e}}dric Villani},
	title = {Optimal Transport}
}
@article{santambrogio15,
	title={Optimal transport for applied mathematicians},
	author={Santambrogio, Filippo},
	journal={Birk{\"a}user, NY},
	year={2015},
	publisher={Springer}
}
@inproceedings{pele09,
	title={Fast and robust earth mover's distances},
	author={Pele, Ofir and Werman, Michael},
	booktitle={Computer vision, 2009 IEEE 12th international conference on},
	pages={460--467},
	year={2009},
	organization={IEEE}
}
@article{peyre2016quantum,
	title={Quantum Optimal Transport for Tensor Field Processing},
	author={Peyr{\'e}, Gabriel and Chizat, Lena{\"\i}c and Vialard, Fran{\c{c}}ois-Xavier and Solomon, Justin},
	journal={arXiv preprint arXiv:1612.08731},
	year={2016}
}
























